@string{tip = "IEEE Transactions on Image Processing"}
@string{cviu = "Computer Vision and Image Understanding"}
@string{jmiv = "Journal of Mathematical Imaging and Vision"}
@string{ijcv = "International Journal of Computer Vision"}

%%% General about OT %%%


@book{Villani03,
  title={Topics in Optimal Transportation},
  author={Villani, C.},
  isbn={9780821833124},
  lccn={03040350},
  series={Graduate Studies in Mathematics Series},
  url={http://books.google.fr/books?id=GqRXYFxe0l0C},
  year={2003},
  publisher={American Mathematical Society}
}

@article{wilson1969use,
  title={The use of entropy maximizing models, in the theory of trip distribution, mode split and route split},
  author={Wilson, A. G.},
  journal={Journal of Transport Economics and Policy},
  pages={108--126},
  year={1969}
}



@article{Kantorovich42,
	Address = {Hingham, MA, USA},
	Author = {L. Kantorovich},
	OPTannote = {Translated in Management Science, Vol. 5, pp. 1--4, 1959},
	Number = {2},
	Pages = {227-229},
	journal = {Doklady Akademii Nauk},
	Title = {On the transfer of masses (in Russian)},
	Volume = {37},
	Year = {1942}
}

@book{Burkard09,
 author = {Burkard, R. and Dell'Amico, M. and Martello, S.},
 title = {Assignment Problems},
 year = {2009},
 isbn = {0898716632, 9780898716634},
 publisher = {Society for Industrial and Applied Mathematics},
 address = {Philadelphia, PA, USA},
} 


%%% Applications %%%


@article{RubTomGui00,
	Author = {Y. Rubner and C. Tomasi and L.J. Guibas},
	Journal = {IJCV: International Journal of Computer Vision},
	Title = {The Earth Mover's Distance as a Metric for Image Retrieval},
	Volume = {40},
	number = 2, 
	Year = {2000}}


@article{Bonneel-displacement, 
author = {Bonneel, N. and {van de Panne}, M. and Paris, S. and Heidrich, W.}, 
title = {Displacement Interpolation Using {Lagrangian} Mass Transport}, 
journal = {ACM Transactions on Graphics (SIGGRAPH ASIA'11)}, 
volume = {30}, 
number = {6}, 
year = {2011}, 
}

@article{Merigot2011,
author = {M\'erigot, Q.},
title = {A multiscale approach to optimal transport},
journal = {Computer Graphics Forum},
volume = 30,
number = {5},
pages = {1583--1592},
year = {2011}
}

@book{erlander1990gravity,
	Author = {Erlander, S. and Stewart, N.F.},
	Publisher = {Vsp},
	Title = {{The gravity model in transportation analysis: theory and extensions}},
	Year = {1990}}


@Article{2014-xia-siims,
    title = "Synthesizing and Mixing Stationary {Gaussian} Texture Models",
   	author = "G-S. Xia and S. Ferradans and G. Peyr{\'e} and J-F. Aujol",
     journal = "SIAM Journal on Imaging Sciences",
     year = "2014",
	volume = 7,
	number = 1, 
	pages = "476--508",
}


@article{FrischNaturee,
    AUTHOR = {U. Frisch and S. Matarrese and  R. Mohayaee and A. Sobolevski} , 
     TITLE = {{Monge-Ampere-Kantorovitch} {(MAK)} reconstruction of the early universe} ,
   JOURNAL = {Nature}, 
    VOLUME = {417},
      YEAR = {2002},
    NUMBER = {260},
}

%%% Dynamic formulation %%%

@article{Benamou2000,
 author = {Benamou, J.-D.  and Brenier, Y. },
 title = {A computational fluid mechanics solution of the {M}onge-{K}antorovich mass transfer problem},
journal={Numerische Mathematik}, 
volume={84},
number={3},
year={2000},
pages={375--393}
}


@article{FPapPeyOud13,
title = "Optimal Transport with Proximal Splitting",
   	author = "N. Papadakis and G. Peyr{\'e} and E. Oudet",
	journal = "SIAM Journal on Imaging Sciences",
	volume = 7, 
	number = 1, 
	pages =  "212--238", 
     year = "2014",
}

%%% Entropic regularization and OT %%%


@inproceedings{CuturiSinkhorn,
  author = {Cuturi, M.},
  booktitle = {Advances in Neural Information Processing Systems (NIPS) 26},
  pages = {2292--2300},
  title = {Sinkhorn Distances: Lightspeed Computation of Optimal Transport},
  year = 2013
}

@techreport{Galichon-Entropic, 
author = {A. Galichon and B. Salani\'e}, 
title = {Matching with Trade-offs: Revealed Preferences over Competing Characteristics},  
institution = "Preprint SSRN-1487307",
year = {2009}, 
}
	
% analysis of speed of convergence

% --> dual to entropic regularization: exponential regularization
@article{CominettiAsympt,
	Author = {R. Cominetti and J. San~Martin},
	Journal = {Mathematical Programming},
	volume = {67},
	number = "1-3",
	Pages = {169--187},
	Title = {Asymptotic analysis of the exponential penalty trajectory in linear programming},
	Year = {1994}}

% --> logarithmic barrier functions

@Book{NesterovNemirovskyBook,
  author =	"Nesterov, Y. E. and Nemirovsky, A. S.",
  title =	"Interior Point Polynomial Methods in Convex
		 Programming~: Theory and Algorithms",
  publisher =	"SIAM Publishing",
  year = 	"1993",
}



% shrodinger problem
@article{RuschendorfThomsen,
	Author = {Ruschendorf, L. and W. Thomsen},
	Journal = {Theory of Probability and its Applications},
	volume = {42},
	number = 3, 
	Pages = {483--494},
	Title = {Closedness of Sum Spaces and the Generalized {Schrodinger} Problem},
	Year = {1998}}
	
@article{LeonardShrodinger,
	Author = {C. Leonard},
	Journal = {Discrete Contin. Dyn. Syst. A},
	volume = {34},
	number = 4,
	Pages = {1533--1574},
	Title = {A survey of the {Schrodinger} problem and some of its connections with optimal transport},
	Year = {2014}}
	
	
@article{Shrodinger31,
	Author = {E. Schrodinger},
	Journal = {Sitzungsberichte Preuss. Akad. Wiss. Berlin. Phys. Math.},
	volume = {144},
	Pages = {144--153},
	Title = {Uber die Umkehrung der Naturgesetze},
	Year = {1931}}



%%%% Diagonal scaling %%%%

@article{Sinkhorn64,
	Author = {R. Sinkhorn},
	Journal = {Ann. Math. Statist.},
	volume = {35},
	Pages = {876--879},
	Title = {A relationship between arbitrary positive matrices and doubly stochastic matrices},
	Year = {1964}}
	
@article{SinkhornKnopp67,
	Author = {R. Sinkhorn and P . Knopp},
	Journal = {Pacific J. Math.},
	volume = {21},
	Pages = {343--348},
	Title = {Concerning nonnegative matrices and doubly stochastic matrices},
	Year = {1967}}
	

@article{Sinkhorn67,
	Author = {R. Sinkhorn},
	Journal = {Amer. Math. Monthly},
	volume = {74},
	Pages = {402--405},
	Title = {Diagonal equivalence to matrices with prescribed row and column sums},
	Year = {1967}}
	
% IPFP original paper
@article{DemingStephanIPFP,
author =	"W.~E. Deming and F.~F. Stephan",
  title =	"On a Least Squares Adjustment of a Sampled Frequency
		 Table when the Expected Marginal Totals are Known",
  journal =	"Annals Mathematical Statistics",
  year = 	"1940",
  volume =	"11",
  number = 4, 
  pages =	"427--444",
  comment =	"Introduces iterative updating procedure; useful for
		 computing maximum-entropy solution.",
}
% RAS
@article{bacharach1965estimating,
  title={Estimating nonnegative matrices from marginal data},
  author={Bacharach, Michael},
  journal={International Economic Review},
  volume={6},
  number={3},
  pages={294--310},
  year={1965},
  publisher={JSTOR}
}

% Convergence rate
@article{franklin1989scaling,
  title={On the scaling of multidimensional matrices},
  author={Franklin, Joel and Lorenz, Jens},
  journal={Linear Algebra and its applications},
  volume={114},
  pages={717--735},
  year={1989},
  publisher={Elsevier}
}

%References on Dykstra

@article {bhatt2006,
    AUTHOR = {Bhattacharya, B.},
     TITLE = {An iterative procedure for general probability measures to
              obtain {I}-projections onto intersections of convex sets},
   JOURNAL = {Ann. Statist.},
  FJOURNAL = {The Annals of Statistics},
    VOLUME = {34},
      YEAR = {2006},
    NUMBER = {2},
     PAGES = {878--902},
      ISSN = {0090-5364},
     CODEN = {ASTSC7},
   MRCLASS = {62B10 (60B10 65C50)},
  MRNUMBER = {2283396 (2008f:62012)},
MRREVIEWER = {Ludger R{\"u}schendorf},
       DOI = {10.1214/009053606000000056},
       URL = {http://dx.doi.org/10.1214/009053606000000056},
}

@article {dyk,
    AUTHOR = {Dykstra, R. L.},
     TITLE = {An iterative procedure for obtaining {$I$}-projections onto
              the intersection of convex sets},
   JOURNAL = {Ann. Probab.},
  FJOURNAL = {The Annals of Probability},
    VOLUME = {13},
      YEAR = {1985},
    NUMBER = {3},
     PAGES = {975--984},
      ISSN = {0091-1798},
     CODEN = {APBYAE},
   MRCLASS = {62B10 (52A99 62H17 90C15)},
  MRNUMBER = {799432 (87d:62009)},
MRREVIEWER = {I. Vajda},
       URL =
              {http://links.jstor.org/sici?sici=0091-1798(198508)13:3<975:AIPFOO>2.0.CO;2-U&origin=MSN},
}




@article {csis,
    AUTHOR = {Csisz{\'a}r, I.},
     TITLE = {{$I$}-divergence geometry of probability distributions and
              minimization problems},
   JOURNAL = {Ann. Probability},
    VOLUME = {3},
      YEAR = {1975},
     PAGES = {146--158},
   MRCLASS = {62B10 (60E05)},
  MRNUMBER = {0365798 (51 \#2050)},
MRREVIEWER = {I. J. Good},
}






% infinite dimension
@article{Ruschendorf95,
	Author = {L. Ruschendorf},
	Journal = {The Annals of Statistics},
	volume = {23},
	number = 4,
	Pages = {1160--1174},
	Title = {Convergence of the Iterative Proportional Fitting Procedure},
	Year = {1995}}



%%% Barycenters and Multi marignal %%%

@article {carlierekelandmatching,
    AUTHOR = {Carlier, G. and Ekeland, I.},
     TITLE = {Matching for teams},
   JOURNAL = {Econom. Theory},
  FJOURNAL = {Economic Theory},
    VOLUME = {42},
      YEAR = {2010},
    NUMBER = {2},
     PAGES = {397--418},
      ISSN = {0938-2259},
     CODEN = {ECTHEA},
   MRCLASS = {49Q20 (49K21 90C46 91B24 91B68)},
  MRNUMBER = {2564442 (2011g:49089)},
MRREVIEWER = {Luigi De Pascale},
       DOI = {10.1007/s00199-008-0415-z},
       URL = {http://dx.doi.org/10.1007/s00199-008-0415-z},
}



@article{Pass2,
author = {Pass, B.},
collaboration = {},
title = {Uniqueness and {Monge} Solutions in the Multimarginal Optimal Transportation Problem},
publisher = {SIAM},
year = {2011},
journal = {SIAM Journal on Mathematical Analysis},
volume = {43},
number = {6},
pages = {2758-2775},
keywords = {optimal transportation; MongeKantorovich problem; multimarginal problem; Monge solutions; uniqueness; hedonic pricing},
url = {http://link.aip.org/link/?SJM/43/2758/1},
doi = {10.1137/100804917}
}



@article {CPA:CPA21437,
author = {Cotar, C. and Friesecke, G. and Klzppelberg, C.},
title = {Density Functional Theory and Optimal Transportation with {C}oulomb Cost},
journal = {Communications on Pure and Applied Mathematics},
volume = {66},
number = {4},
publisher = {Wiley Subscription Services, Inc., A Wiley Company},
issn = {1097-0312},
url = {http://dx.doi.org/10.1002/cpa.21437},
doi = {10.1002/cpa.21437},
pages = {548--599},
year = {2013},
}



 @article {MR2875651,
    AUTHOR = {Pass, B.},
     TITLE = {On the local structure of optimal measures in the
              multi-marginal optimal transportation problem},
   JOURNAL = {Calc. Var. Partial Differential Equations},
  FJOURNAL = {Calculus of Variations and Partial Differential Equations},
    VOLUME = {43},
      YEAR = {2012},
    NUMBER = {3-4},
     PAGES = {529--536},
      ISSN = {0944-2669},
   MRCLASS = {49Q20 (58E17 91B24)},
  MRNUMBER = {2875651},
MRREVIEWER = {Francesco Maggi},
       DOI = {10.1007/s00526-011-0421-z},
       URL = {http://dx.doi.org/10.1007/s00526-011-0421-z},
}



@article{Carlier_wasserstein_barycenter,
	Author = {M. Agueh and G. Carlier},
	Journal = {SIAM J. on Mathematical Analysis},
	Number = {2},
	Pages = {904--924},
	Title = {Barycenters in the {W}asserstein space},
	Volume = {43},
	Year = {2011}}
	
@inproceedings{CuturiBarycenter,
	Author = {M. Cuturi and A. Doucet},
    booktitle = {Proceedings of the 31st International Conference on Machine Learning (ICML), JMLR W\&CP},
    Volume={32},
	Title = {Fast Computation of {Wasserstein} Barycenters},
	Year = {2014}
}

@techreport{Carlier-NumericsBarycenters,
	Author = {G. Carlier and A. Oberman and E. Oudet},
	Title = {Numerical methods for matching for teams and {Wasserstein} barycenters},
	Type = {Preprint},
	institution = "Ceremade",
	Year = {2014}}


@article{BigotBarycenter,
	Author = {Bigot, J. and Klein, T.},
	journal = {Preprint arXiv:1212.2562},
	Title = {Consistent estimation of a population barycenter in the
{W}asserstein space},
	Year = {2012}
}

@Article{2013-Bonneel-barycenter,
    title = "Sliced and Radon Wasserstein Barycenters of Measures",
   	author = "N. Bonneel and J. Rabin and G. Peyr{\'e} and H. Pfister",
	journal = "to appear in Journal of Mathematical Imaging and Vision",
	doi = "10.1007/s10851-014-0506-3", 
     year = "2014",
     url = {http://hal.archives-ouvertes.fr/hal-00881872/},
}

% in machine learning
@inproceedings{Solomon-ICML,
    title = "Wasserstein Propagation for Semi-Supervised Learning",
   	author = "J. Solomon and R.M. Rustamov and L. Guibas and A. Butscher",
     booktitle = "Proc. ICML 2014",
     year = "2014", 
}

%%%% Multi-marginal %%%%
 @article{passkitagawa,
        title = {The Multi-Marginal Optimal Transport Problem},
	author = {B. Bass and J. Kitagawa},
	journal  = {preprint} ,
	year = {2014}
}
	
	
@article {gansw,
    AUTHOR = {Gangbo, W. and {\'S}wi{\c{e}}ch, A.},
     TITLE = {Optimal maps for the multidimensional {M}onge-{K}antorovich
              problem},
   JOURNAL = {Comm. Pure Appl. Math.},
  FJOURNAL = {Communications on Pure and Applied Mathematics},
    VOLUME = {51},
      YEAR = {1998},
    NUMBER = {1},
     PAGES = {23--45},
      ISSN = {0010-3640},
     CODEN = {CPAMA},
   MRCLASS = {49Q20 (28A99)},
  MRNUMBER = {1486630 (99f:49070)},
MRREVIEWER = {Michele Carriero},
       DOI = {10.1002/(SICI)1097-0312(199801)51:1<23::AID-CPA2>3.0.CO;2-H},
       URL =
              {http://dx.doi.org/10.1002/(SICI)1097-0312(199801)51:1<23::AID-CPA2>3.0.CO;2-H},
}
	
	
%%%% EULER %%%%



@article {MR2563635,
    AUTHOR = {Ambrosio, Luigi and Figalli, Alessio},
     TITLE = {Geodesics in the space of measure-preserving maps and plans},
   JOURNAL = {Arch. Ration. Mech. Anal.},
  FJOURNAL = {Archive for Rational Mechanics and Analysis},
    VOLUME = {194},
      YEAR = {2009},
    NUMBER = {2},
     PAGES = {421--462},
      ISSN = {0003-9527},
   MRCLASS = {49Q20 (28D05 35Q35 76A02)},
  MRNUMBER = {2563635 (2011c:49084)},
MRREVIEWER = {H. R. Gluck},
       DOI = {10.1007/s00205-008-0189-2},
       URL = {http://dx.doi.org/10.1007/s00205-008-0189-2},
}
		
% simulations	
@article {BrenierGeneralized,
    AUTHOR = {Brenier, Y.},
     TITLE = {Generalized solutions and hydrostatic approximation of the
              {E}uler equations},
   JOURNAL = {Phys. D},
  FJOURNAL = {Physica D. Nonlinear Phenomena},
    VOLUME = {237},
      YEAR = {2008},
    NUMBER = {14-17},
     PAGES = {1982--1988},
      ISSN = {0167-2789},
}
		
		
@article{BrenierEulerAMS,
year={1990},
journal={J. of the AMS},
volume={2},
title={The least action principle and the related concept of generalized flows for incompressible perfect fluids},
author={Brenier, Y.},
pages={225--255},
language={English}
}

@article{BrenierEulerARMA,
year={1993},
issn={0003-9527},
journal={Archive for Rational Mechanics and Analysis},
volume={122},
number={4},
doi={10.1007/BF00375139},
title={The dual Least Action Problem for an ideal, incompressible fluid},
url={http://dx.doi.org/10.1007/BF00375139},
publisher={Springer-Verlag},
author={Brenier, Y.},
pages={323--351},
language={English}
}

@article {BrenierEulerCPAM,
author = {Brenier, Y.},
title = {Minimal geodesics on groups of volume-preserving maps and generalized solutions of the {E}uler equations},
journal = {Communications on Pure and Applied Mathematics},
volume = {52},
number = {4},
publisher = {John Wiley \& Sons, Inc.},
issn = {1097-0312},
url = {http://dx.doi.org/10.1002/(SICI)1097-0312(199904)52:4<411::AID-CPA1>3.0.CO;2-3},
doi = {10.1002/(SICI)1097-0312(199904)52:4<411::AID-CPA1>3.0.CO;2-3},
pages = {411--452},
year = {1999},
}
	


% scaling multidim
@article{FranklinLorentz,
	Author = {J. Franklin and J. Lorentz},
	Journal = {Linear Algebra and its Applications},
	Title = {On the scaling of Multidimensional matrices},
	volume = "114--115",
	pages = "717--735",  
	Year = {1989}}
	

@article{BapatMultidim,
	Author = {R. Bapat},
	Journal = {Linear Algebra and its Applications},
	Title = {$D_1AD_2$ theorems for multidimensional matrices},
	volume = 48, 
	pages = "437--442", 
	Year = {1982}}
	


@article{RaghavanMultidim,
	Author = {T. E. S. Raghavan},
	Journal = {Linear Algebra and its Applications},
	Title = {On pairs of multidimensional matrices},
	volume = 62, 
	pages = "263--268", 
	Year = {1984}}
	


%%%% Optimization %%%%
	
	
@article {bauschke-lewis,
    AUTHOR = {Bauschke, H. H. and Lewis, A. S.},
     TITLE = {Dykstra's algorithm with {B}regman projections: a convergence
              proof},
   JOURNAL = {Optimization},
  FJOURNAL = {Optimization. A Journal of Mathematical Programming and
              Operations Research},
    VOLUME = {48},
      YEAR = {2000},
    NUMBER = {4},
     PAGES = {409--427}
}	
	
@Article{Dykstra83,
  author =	"R. L. Dykstra",
  title =	"An algorithm for restricted least squares regression",
  journal =	"J. Amer. Stat.",
  year = 	"1983",
  volume =	"78",
  number = 384, 
  pages =	"839--842",
}

% Dykstra with bregman div
@Article{CensorReich-Dykstra,
  author =	"Y. Censor and S. Reich",
  title =	"The {Dykstra} algorithm with {Bregman} projections",
  journal =	"Communications in Applied Analysis",
  year = 	"1998",
  volume =	"2",
  pages =	"407--419",
}

% extension from indicators to general proximable functions
@Article{BauschkeCombettes-Dykstra,
  author =	"H. H. Bauschke and P. L. Combettes",
  title =	"A {Dykstra}-like algorithm for two monotone operators",
  journal =	"Pacific Journal of Optimization",
  year = 	"2008",
  volume =	"4",
  number = 3, 
  pages =	"383--391",
}

% Bregman projections
@article{bregman1967relaxation,
	Author = {Bregman, L. M.},
	Journal = {USSR computational mathematics and mathematical physics},
	Number = {3},
	Pages = {200--217},
	Publisher = {Elsevier},
	Title = {The relaxation method of finding the common point of convex sets and its application to the solution of problems in convex programming},
	Volume = {7},
	Year = {1967}}



%%% Martingale transport

@article{GalichonMartingale,
	author =	"A. Galichon and P. Henry-Labord{\`e}re and N. Touzi",
	Journal = {The Annals of Applied Probability},
  number =	"1",
  volume =	"24",
 pages = "312--336",
	Title = {A stochastic control approach to no-arbitrage bounds
		 given marginals, with an application to lookback
		 options},
	Year = {2014}}
	


@article{DavisArbitrage,
	Author = {M. Davis and J. Obloj and V. Raval},
	Journal = {Math. Finance. To appear.},
	Title = {Arbitrage bounds for weighted variance swap prices},
	Year = {2014}}
	
	

@article{TanTouzi,
	Author = {Tan, X. and Touzi N.},
	Journal = {Ann. Probab.},
	Pages = {3201--3240},
	Volume = {41},
	number = 5, 
	Title = {Optimal transportation under controlled stochastic dynamics},
	Year = {2013}}
	

% partial transport % 



@article {MR2592287,
    AUTHOR = {Figalli, A.},
     TITLE = {The optimal partial transport problem},
   JOURNAL = {Arch. Ration. Mech. Anal.},
  FJOURNAL = {Archive for Rational Mechanics and Analysis},
    VOLUME = {195},
      YEAR = {2010},
    NUMBER = {2},
     PAGES = {533--560},
      ISSN = {0003-9527},
   MRCLASS = {49Q20 (35K96)},
  MRNUMBER = {2592287 (2011f:49069)},
MRREVIEWER = {Filippo Santambrogio},
       DOI = {10.1007/s00205-008-0212-7},
       URL = {http://dx.doi.org/10.1007/s00205-008-0212-7},
}
	


@article {MR2630054,
    AUTHOR = {Caffarelli, L. A. and McCann, R. J.},
     TITLE = {Free boundaries in optimal transport and {M}onge-{A}mp\`ere
              obstacle problems},
   JOURNAL = {Ann. of Math. (2)},
  FJOURNAL = {Annals of Mathematics. Second Series},
    VOLUME = {171},
      YEAR = {2010},
    NUMBER = {2},
     PAGES = {673--730},
      ISSN = {0003-486X},
     CODEN = {ANMAAH},
   MRCLASS = {49Q20 (35K96)},
  MRNUMBER = {2630054 (2011b:49116)},
MRREVIEWER = {Luca Granieri},
       DOI = {10.4007/annals.2010.171.673},
       URL = {http://dx.doi.org/10.4007/annals.2010.171.673},
}


@article {km1,
    AUTHOR = {K. Jonathan and McCann, R. J.},
     TITLE = {Optimal transportation with capacity constraints}     , 
   JOURNAL = {Preprint arXiv:1201.6404} ,
       YEAR = {2012},
       }

@article {km2,
    AUTHOR = {K. Jonathan and McCann, R. J.},
     TITLE = {Insights into capacity constrained optimal transport },
     JOURNAL = {Proc. Natl. Acad. Sci. USA}, 
     Volume={110} ,
      Pages={10064--10067}, 
        YEAR = {2013},
       }




%%%% Radon

@article {AbrahamRadon,
    AUTHOR = {I. Abraham and R. Abraham and M. Bergounioux and G. Carlier},
     TITLE = {Tomographic reconstruction from a few views: a multi-marginal optimal transport approach}     , 
   JOURNAL = {Preprint Hal-01065981} ,
       YEAR = {2014},
       }


@book{HermanTomography,
  title={Image reconstruction from projections: the fundamentals of computerized tomography},
  author={G. Herman},
  year={1980},
  publisher={Academic Press}
}

@Article{Klann11,
  title =	"A {Mumford-Shah}-Like Method for Limited Data Tomography
		 with an Application to Electron Tomography",
  author =	"E. Klann",
  journal =	"SIAM J. Imaging Sciences",
  year = 	"2011",
  number =	"4",
  volume =	"4",
  pages =	"1029--1048",
}

%%%%% EConomy


@article {MR1817791,
    AUTHOR = {Carlier, G.},
     TITLE = {A general existence result for the principal-agent problem
              with adverse selection},
   JOURNAL = {J. Math. Econom.},
  FJOURNAL = {Journal of Mathematical Economics},
    VOLUME = {35},
      YEAR = {2001},
    NUMBER = {1},
     PAGES = {129--150},
      ISSN = {0304-4068},
     CODEN = {JMECDA},
   MRCLASS = {91B30},
  MRNUMBER = {1817791 (2002a:91037)},
MRREVIEWER = {J. M. Guti{\'e}rrez},
       DOI = {10.1016/S0304-4068(00)00057-4},
       URL = {http://dx.doi.org/10.1016/S0304-4068(00)00057-4},
}



@article {MR2564439,
    AUTHOR = {Chiappori, P-A. and McCann, R. J. and Nesheim,
              L. P.},
     TITLE = {Hedonic price equilibria, stable matching, and optimal
              transport: equivalence, topology, and uniqueness},
   JOURNAL = {Econom. Theory},
  FJOURNAL = {Economic Theory},
    VOLUME = {42},
      YEAR = {2010},
    NUMBER = {2},
     PAGES = {317--354},
      ISSN = {0938-2259},
     CODEN = {ECTHEA},
   MRCLASS = {49Q20 (90C06 90C46 91B52 91B68)},
  MRNUMBER = {2564439 (2011f:49068)},
MRREVIEWER = {W. Gangbo},
       DOI = {10.1007/s00199-009-0455-z},
       URL = {http://dx.doi.org/10.1007/s00199-009-0455-z},
}


%%% MA 

@article{Loeper:2005fn,
author = {Loeper, G. and Rapetti, F.},
title = {Numerical solution of the {Monge-Amp\`ere} equation by a {Newton's} algorithm},
journal = {C. R. Acad. Sci. Paris, Ser. I},
volume = 340,
number = 4, 
pages = "319--324",
year = {2005}
}



@article{Benamou:2014jw,
author = {Benamou, J-D. and Froese, B. D. and Oberman, A. M.},
title = {Numerical solution of the Optimal Transportation problem using the {Monge--Amp{\`e}re} equation},
journal = {Journal of Computational Physics},
volume = 260, 
number = 1, 
pages = "107--126", 
year = {2014}
}


@article{Merigot:2011js,
author = {Merigot, Q},
title = {{A Multiscale Approach to Optimal Transport}},
journal = {Computer Graphics Forum},
volume = 30, 
number = 5, 
pages = "1583--1592", 
year = {2011}
}




